<mx:record xmlns="http://www.w3.org/TR/xhtml1/strict" xmlns:mx="http://www.loc.gov/MARC21/slim" xmlns:xsi="http://www.w3.org/2001/XMLSchema-instance"><mx:leader>00000cz   2200000n  4500</mx:leader><mx:controlfield tag="001">oca00503637 </mx:controlfield><mx:controlfield tag="005">19840827075457.5</mx:controlfield><mx:controlfield tag="008">800926n| acannaab|          |a aaa |||  </mx:controlfield><mx:datafield ind1=" " ind2=" " tag="010"><mx:subfield code="a">n  80123081 </mx:subfield></mx:datafield><mx:datafield ind1=" " ind2=" " tag="040"><mx:subfield code="a">DLC</mx:subfield><mx:subfield code="c">DLC</mx:subfield><mx:subfield code="d">DLC</mx:subfield></mx:datafield><mx:datafield ind1="1" ind2=" " tag="100"><mx:subfield code="a">Gallienus, Publius Licinius Egnatius,</mx:subfield><mx:subfield code="c">Emperor of Rome,</mx:subfield><mx:subfield code="d">233?-268.</mx:subfield></mx:datafield><mx:datafield ind1="0" ind2=" " tag="400"><mx:subfield code="a">Gallienus,</mx:subfield><mx:subfield code="c">Emperor of Rome,</mx:subfield><mx:subfield code="d">233?-268</mx:subfield><mx:subfield code="w">nna</mx:subfield></mx:datafield><mx:datafield ind1=" " ind2=" " tag="670"><mx:subfield code="a">Regibus, L. de. La monarchia militare di Gallieno, 1939.</mx:subfield></mx:datafield><mx:datafield ind1=" " ind2=" " tag="999"><mx:subfield code="a">464.7580</mx:subfield></mx:datafield></mx:record>